
@www{ivao,
   author={IVOA},
   year={2017},
   title={Introduction to VO Concepts},
   note={IVOA webpage},
   url={http://www.ivoa.net/deployers/intro\_to\_vo\_concepts.html}
}


